<?xml version="1.0" encoding="UTF-8"?><collection xmlns="http://www.loc.gov/MARC21/slim"><record><leader>00544nam--2200193-i-4500</leader><controlfield tag="001">000041371</controlfield><controlfield tag="002">20161230</controlfield><controlfield tag="005">20161230201043</controlfield><controlfield tag="008">060222s1000------------r-----000-0-ger-d</controlfield><datafield ind1=" " ind2=" " tag="040"><subfield code="a">IFIN-HH</subfield></datafield><datafield ind1=" " ind2=" " tag="041"><subfield code="a">ger</subfield></datafield><datafield ind1=" " ind2=" " tag="080"><subfield code="a">539.217</subfield></datafield><datafield ind1="1" ind2=" " tag="100"><subfield code="a">Seith, Wolfgang</subfield></datafield><datafield ind1="1" ind2="0" tag="245"><subfield code="a">Diffusion in metallen</subfield><subfield code="b">Platzwechselreaktionen</subfield><subfield code="c">Wolfgang seith</subfield></datafield><datafield ind1=" " ind2=" " tag="260"><subfield code="a">Berlin</subfield><subfield code="b">Springer-verlag</subfield><subfield code="c">1955</subfield></datafield><datafield ind1=" " ind2=" " tag="300"><subfield code="a">VI+306P</subfield></datafield><datafield ind1=" " ind2=" " tag="490"><subfield code="a">Reine Und Angewandte Metallkunde In Einzeldarstellungen</subfield><subfield code="v">No.3</subfield></datafield><datafield ind1=" " ind2=" " tag="852"><subfield code="a">10711</subfield><subfield code="c">539.217</subfield></datafield><datafield ind1=" " ind2=" " tag="CAT"><subfield code="a">Sys</subfield><subfield code="c">20121210</subfield><subfield code="h">110008</subfield></datafield></record></collection>